<?xml version="1.0" encoding="UTF-8"?><record xmlns="http://www.loc.gov/MARC21/slim" xmlns:cinclude="http://apache.org/cocoon/include/1.0" xmlns:zs="http://www.loc.gov/zing/srw/">
  <leader>01455nz  a2200181n  4500</leader>
  <controlfield tag="001">no 96036496 </controlfield>
  <controlfield tag="003">DLC</controlfield>
  <controlfield tag="005">19960720055015.0</controlfield>
  <controlfield tag="008">960719n| acannaab|          |a ana     c</controlfield>
  <datafield tag="010" ind1=" " ind2=" ">
    <subfield code="a">no 96036496 </subfield>
  </datafield>
  <datafield tag="035" ind1=" " ind2=" ">
    <subfield code="a">(OCoLC)oca04122693 </subfield>
  </datafield>
  <datafield tag="040" ind1=" " ind2=" ">
    <subfield code="a">MH</subfield>
    <subfield code="c">MH</subfield>
  </datafield>
  <datafield tag="110" ind1="1" ind2="0">
    <subfield code="a">Canada.</subfield>
    <subfield code="b">Parliament.</subfield>
    <subfield code="b">House of Commons.</subfield>
    <subfield code="b">Sub-Committee on Bill C-58, an Act to amend the Public Service Staff Relations Act and the Royal Canadian Mounted Police Act</subfield>
  </datafield>
  <datafield tag="410" ind1="1" ind2="0">
    <subfield code="a">Canada.</subfield>
    <subfield code="b">Parliament.</subfield>
    <subfield code="b">House of Commons.</subfield>
    <subfield code="b">Sous-Comité sur le Projet de loi C-58</subfield>
  </datafield>
  <datafield tag="410" ind1="1" ind2="0">
    <subfield code="a">Canada.</subfield>
    <subfield code="b">Parliament.</subfield>
    <subfield code="b">House of Commons.</subfield>
    <subfield code="b">Sous-Comité sur le Projet de loi C-58, Loi modifiant la Loi sur les relations de travail dans la fonction publique et la Loi sur la Gendarmerie royale du Canada</subfield>
  </datafield>
  <datafield tag="410" ind1="1" ind2="0">
    <subfield code="a">Canada.</subfield>
    <subfield code="b">Parliament.</subfield>
    <subfield code="b">House of Commons.</subfield>
    <subfield code="b">Sub-Committee on Bill C-58</subfield>
  </datafield>
  <datafield tag="670" ind1=" " ind2=" ">
    <subfield code="a">Its Minutes of proceedings and evidence of the Sub-Committee on Bill C-58, an Act to amend the Public Service Staff Relations Act and the Royal Canadian Mounted Police Act, of the Standing Committee on Government Operations, Dec. 6, 1994-Feb. 8, 1995:</subfield>
    <subfield code="b">t.p. (House of Commons; Sub-Committee on Bill C-58, an Act to amend the Public Service Staff Relations Act and the Royal Canadian Mounted Police Act; Chambre des communes; Sous-Comité sur le Projet de loi C-58, Loi modifiant la Loi sur les relations de travail dans la fonction publique et la Loi sur la Gendarmerie royale du Canada)</subfield>
  </datafield>
  <datafield tag="675" ind1=" " ind2=" ">
    <subfield code="a">NLC 3-15-1995</subfield>
  </datafield>
</record>